@misc{holland2021florida,
title = {Florida State's Economic Impact},
url = {https://economic-impact.fsu.edu/},
note = {2021 version based on 2020 data}
}

@misc{holland2021humana,
	title = {The Impact of Humana's Operations on the Economy of Florida},
	author = {Julie Harrington and \textbf{Morgan Holland}},
	note = {In progresss}
}