%%
%% WinShell 3.3.2.6
%% http://www.winshell.org/
%%

% Strings


% Preamble


% BibTeX Entries
@article{seo2019arow,
  address   = {Northridge, CA},
  author    = {JooYoung Seo and Sean McCurry},
  editor    = {Miesenberger, Klaus and Ruiz, Shirley and Santiago, Julia},
  journal   = {Journal on Technology and Persons with Disabilities},
  pages     = {157--171},
  publisher = {California State University},
  title     = {LaTeX is NOT Easy: Creating Accessible Scientific Documents With R Markdown},
  volume    = {7},
  year      = {2019}
}

@article{seo2019maker,
  author    = {JooYoung Seo},
  doi       = {10.1007/s11528-019-00377-3},
  journal   = {{TechTrends}},
  number    = {5},
  pages     = {514--520},
  publisher = {Springer Science and Business Media {LLC}},
  title     = {Is the Maker Movement Inclusive of {ANYONE}?: Three Accessibility Considerations to Invite Blind Makers to the Making World},
  url       = {https://doi.org/10.1007%2Fs11528-019-00377-3},
  volume    = {63},
  year      = {2019}
}

@article{doi:10.1080/09286586.2020.1863993,
  author    = { Soyoung   Choi  and  JooYoung   Seo },
  title     = {Trends in Healthcare Research on Visual Impairment and Blindness: Use of Bibliometrics and Hierarchical Cluster Analysis},
  journal   = {Ophthalmic Epidemiology},
  volume    = {0},
  number    = {0},
  pages     = {1-36},
  year      = {2020},
  publisher = {Taylor & Francis},
  doi       = {10.1080/09286586.2020.1863993},
  note      = {PMID: 33380253},
  url       = { 
        https://doi.org/10.1080/09286586.2020.1863993
    
},
  eprint    = { 
        https://doi.org/10.1080/09286586.2020.1863993
    
}
}


