@manual{R-ezpickr,
  title  = {ezpickr: Easy Data Import Using GUI File Picker and Seamless
Communication Between an Excel and R},
  author = {JooYoung Seo and Soyoung Choi},
  year   = {2019},
  note   = {Over 19K download},
  url    = {https://CRAN.R-project.org/package=ezpickr}
}
@manual{R-mboxr,
  title  = {mboxr: Reading, Extracting, and Converting an Mbox File into a Tibble},
  author = {JooYoung Seo and Soyoung Choi},
  year   = {2019},
  note   = {Over 15K download},
  url    = {https://CRAN.R-project.org/package=mboxr}
}
@manual{R-youtubecaption,
  title  = {youtubecaption: Downloading YouTube Subtitle Transcription in a Tidy Tibble Data
Frame},
  author = {JooYoung Seo and Soyoung Choi},
  year   = {2020},
  note   = {Over 9543 download},
  url    = {https://CRAN.R-project.org/package=youtubecaption}
}
