
@article{scaffold,
  author   = {JooYoung Seo and Gabriela T Richard},
  title    = {SCAFFOLDing All Abilities into Makerspaces: A Design Framework for Universal Accessible and Intersectionally Inclusive Making and Learning},
  journal  = {Journal of Information and Learning Sciences},
  pubstate = {Accepted}
}

@article{techtrends2022,
  author   = {JooYoung Seo and Jewoong Moon and Gi Woong Choi and Jaewoo Do},
  title    = {A Methodological Review on Computational Approaches to Ethnographic Research in Digital Learning Environments},
  journal  = {TechTrends},
  pubstate = {in minor revision}
}

@article{wip2022,
  author   = {Jewoong Moon and JooYoung Seo and Daeyeoul Lee and Gi Woong Choi and Jaewoo Do and Taehyeong Lim},
  title    = {Learning Analytics in Seamless Learning Environments: A Systematic Review},
  pubstate = {in preparation}
}
